%% This BibTeX bibliography file was created using BibDesk.
%% http://bibdesk.sourceforge.net/

%% Created for Glizela Taino at 2016-06-06 15:18:54 -0400 


%% Saved with string encoding Unicode (UTF-8) 


@comment{jabref-meta: databaseType:bibtex;}


@article{jonker1987shortest,
  title={A shortest augmenting path algorithm for dense and sparse linear assignment problems},
  author={Jonker, Roy and Volgenant, Anton},
  journal={Computing},
  volume={38},
  number={4},
  pages={325--340},
  year={1987},
  publisher={Springer}
}

@book{burkard1999linear,
  title={Linear assignment problems and extensions},
  author={Burkard, Rainer E and Cela, Eranda},
  year={1999},
  publisher={Springer}
}


@article{llyod1982kmeans,
	Author = { Stuart P. Lloyd},
	Date-Added = {2016-06-06 19:15:05 +0000},
	Date-Modified = {2016-06-06 19:18:22 +0000},
	Journal = {IEEE Transactions on Information Theory},
	Month = {March},
	Number = {2},
	Pages = {129-137},
	Title = {Least Squares Quantization in PCM },
	Volume = {28},
	Year = {1982}}

@misc{circstats,
	Author = {Berens, Phillip},
	Howpublished = {\textit{http://www.mathworks.com/matlabcentral/fileexchange/10676-circular-statistics-toolbox--directional-statistics-}},
	Note = {Accessed: 2016-05-18},
	Title = {MATLAB Central File Exchange: Circular Statistics Toolbox}}

@inproceedings{nguyen2008gene,
	Author = {Nguyen, Vinh},
	Booktitle = {World Congress in Computer Science, Computer Engineering, and Applied Computing (Hamid R. Arabnia and Youngsong Mun 14 July 2008 to 17 July 2008)},
	Organization = {CSREA Press},
	Pages = {226--233},
	Title = {Gene clustering on the unit hypersphere with the spherical k-means algorithm: coping with extremely large number of local optima},
	Year = {2008}}

@misc{nguyen_spherical_clustering,
	Author = {Nguyen, Vinh},
	Howpublished = {\textit{http://www.mathworks.com/matlabcentral/fileexchange/32987-the-spherical-k-means-algorithm}},
	Note = {Accessed: 2016-05-18},
	Title = {MATLAB Central File Exchange: The Spherical K-means algorithm}}

@misc{wolfram_von_mises,
	Author = {Weisstein, Eric W.},
	Howpublished = {\textit{http://mathworld.wolfram.com/vonMisesDistribution.html}},
	Note = {Accessed: 2016-05-18},
	Title = {von Mises Distribution.}}

@book{thomas2001introduction,
	Author = {Thomas H.. Cormen and Leiserson, Charles Eric and Rivest, Ronald L and Stein, Clifford},
	Publisher = {MIT press Cambridge},
	Title = {Introduction to algorithms},
	Volume = {6},
	Year = {2001}}

@book{ClusterAnalysis,
	Author = {Leonard Kaufman and Peter J. Rousseeuw},
	Date-Added = {2016-05-24 19:19:05 +0000},
	Date-Modified = {2016-05-24 19:31:30 +0000},
	Publisher = {John Wiley \& Sons, Inc.},
	Title = {Finding Groups in Data: An Introduction to Cluster Analysis},
	Year = {2008}}

@article{VonMisesDistribution,
	Author = {Arindam Banerjee and Inderjit S. Dhillon and Joydeep Ghosh and Suvrit Sra},
	Date-Added = {2016-05-19 05:40:47 +0000},
	Date-Modified = {2016-05-19 05:44:56 +0000},
	Journal = {Journal of Machine Learning Research 6 (2005) 1345--1382},
	Month = {September},
	Pages = {38},
	Title = {Clustering on the Unit Hypersphere using von Mises-Fisher Distributions},
	Year = {2005},
	Bdsk-File-1 = {YnBsaXN0MDDUAQIDBAUGJCVYJHZlcnNpb25YJG9iamVjdHNZJGFyY2hpdmVyVCR0b3ASAAGGoKgHCBMUFRYaIVUkbnVsbNMJCgsMDxJXTlMua2V5c1pOUy5vYmplY3RzViRjbGFzc6INDoACgAOiEBGABIAFgAdccmVsYXRpdmVQYXRoWWFsaWFzRGF0YV8QNi4uLy4uL0Rlc2t0b3AvRm9sZGVyL0FNQUxUSEVBL0FydGljbGVzL2JhbmVyamVlMDVhLnBkZtIXCxgZV05TLmRhdGFPEQHKAAAAAAHKAAIAAAxNYWNpbnRvc2ggSEQAAAAAAAAAAAAAAAAAAADRDwK4SCsAAAD3FAEPYmFuZXJqZWUwNWEucGRmAAAAAAAAAAAAAAAAAAAAAAAAAAAAAAAAAAAAAAAAAAAAAAAAAAAAAAAAAAAAAAAAAPPhntNiyhwAAAAAAAAAAAACAAUAAAkgAAAAAAAAAAAAAAAAAAAACEFydGljbGVzABAACAAA0Q9JCAAAABEACAAA02MCXAAAAAEAGAD3FAEA0prhAQKcNQAVkrEAFZKgAAKVFAACAFZNYWNpbnRvc2ggSEQ6VXNlcnM6AGdsaXplbGF0YWlubzoARGVza3RvcDoARm9sZGVyOgBBTUFMVEhFQToAQXJ0aWNsZXM6AGJhbmVyamVlMDVhLnBkZgAOACAADwBiAGEAbgBlAHIAagBlAGUAMAA1AGEALgBwAGQAZgAPABoADABNAGEAYwBpAG4AdABvAHMAaAAgAEgARAASAENVc2Vycy9nbGl6ZWxhdGFpbm8vRGVza3RvcC9Gb2xkZXIvQU1BTFRIRUEvQXJ0aWNsZXMvYmFuZXJqZWUwNWEucGRmAAATAAEvAAAVAAIAE///AACABtIbHB0eWiRjbGFzc25hbWVYJGNsYXNzZXNdTlNNdXRhYmxlRGF0YaMdHyBWTlNEYXRhWE5TT2JqZWN00hscIiNcTlNEaWN0aW9uYXJ5oiIgXxAPTlNLZXllZEFyY2hpdmVy0SYnVHJvb3SAAQAIABEAGgAjAC0AMgA3AEAARgBNAFUAYABnAGoAbABuAHEAcwB1AHcAhACOAMcAzADUAqICpAKpArQCvQLLAs8C1gLfAuQC8QL0AwYDCQMOAAAAAAAAAgEAAAAAAAAAKAAAAAAAAAAAAAAAAAAAAxA=}}
