%% This BibTeX bibliography file was created using BibDesk.
%% http://bibdesk.sourceforge.net/

%% Created for Glizela Taino at 2016-05-24 15:31:37 -0400 


%% Saved with string encoding Unicode (UTF-8) 



@book{ClusterAnalysis,
	Author = {Leonard Kaufman and Peter J. Rousseeuw},
	Date-Added = {2016-05-24 19:19:05 +0000},
	Date-Modified = {2016-05-24 19:31:30 +0000},
	Publisher = {John Wiley \& Sons, Inc.},
	Title = {Finding Groups in Data: An Introduction to Cluster Analysis},
	Year = {2008}}

@article{VonMisesDistribution,
	Author = {Arindam Banerjee and Inderjit S. Dhillon and Joydeep Ghosh and Suvrit Sra},
	Date-Added = {2016-05-19 05:40:47 +0000},
	Date-Modified = {2016-05-19 05:44:56 +0000},
	Journal = {Journal of Machine Learning Research 6 (2005) 1345--1382},
	Month = {September},
	Pages = {38},
	Title = {Clustering on the Unit Hypersphere using von Mises-Fisher Distributions},
	Year = {2005},
	Bdsk-File-1 = {YnBsaXN0MDDUAQIDBAUGJCVYJHZlcnNpb25YJG9iamVjdHNZJGFyY2hpdmVyVCR0b3ASAAGGoKgHCBMUFRYaIVUkbnVsbNMJCgsMDxJXTlMua2V5c1pOUy5vYmplY3RzViRjbGFzc6INDoACgAOiEBGABIAFgAdccmVsYXRpdmVQYXRoWWFsaWFzRGF0YV8QLC4uL0Rlc2t0b3AvQU1BTFRIRUEvQXJ0aWNsZXMvYmFuZXJqZWUwNWEucGRm0hcLGBlXTlMuZGF0YU8RAbYAAAAAAbYAAgAADE1hY2ludG9zaCBIRAAAAAAAAAAAAAAAAAAAANEPArhIKwAAAPcUAQ9iYW5lcmplZTA1YS5wZGYAAAAAAAAAAAAAAAAAAAAAAAAAAAAAAAAAAAAAAAAAAAAAAAAAAAAAAAAAAAAAAAAA8+Ge02LKHAAAAAAAAAAAAAEABAAACSAAAAAAAAAAAAAAAAAAAAAIQXJ0aWNsZXMAEAAIAADRD0kIAAAAEQAIAADTYwJcAAAAAQAUAPcUAQDSmuEAFZKxABWSoAAClRQAAgBOTWFjaW50b3NoIEhEOlVzZXJzOgBnbGl6ZWxhdGFpbm86AERlc2t0b3A6AEFNQUxUSEVBOgBBcnRpY2xlczoAYmFuZXJqZWUwNWEucGRmAA4AIAAPAGIAYQBuAGUAcgBqAGUAZQAwADUAYQAuAHAAZABmAA8AGgAMAE0AYQBjAGkAbgB0AG8AcwBoACAASABEABIAPFVzZXJzL2dsaXplbGF0YWluby9EZXNrdG9wL0FNQUxUSEVBL0FydGljbGVzL2JhbmVyamVlMDVhLnBkZgATAAEvAAAVAAIAE///AACABtIbHB0eWiRjbGFzc25hbWVYJGNsYXNzZXNdTlNNdXRhYmxlRGF0YaMdHyBWTlNEYXRhWE5TT2JqZWN00hscIiNcTlNEaWN0aW9uYXJ5oiIgXxAPTlNLZXllZEFyY2hpdmVy0SYnVHJvb3SAAQAIABEAGgAjAC0AMgA3AEAARgBNAFUAYABnAGoAbABuAHEAcwB1AHcAhACOAL0AwgDKAoQChgKLApYCnwKtArECuALBAsYC0wLWAugC6wLwAAAAAAAAAgEAAAAAAAAAKAAAAAAAAAAAAAAAAAAAAvI=}}

@techreport{SphericalKMeansAlgorithm,
	Address = {The University of New South Wales, Sydney 2052 Australia},
	Author = {Xuan Vinh Nguyen},
	Date-Added = {2016-05-19 05:25:13 +0000},
	Date-Modified = {2016-05-19 05:37:36 +0000},
	Institution = {School of Electrical Engineering and Telecommunications},
	Keywords = {Microarray, Gene clustering, Spherical K-means algorithm, Randomized Neighborhood Search},
	Title = {Gene clustering on the Unit Hypersphere with the Spherical K-means algorithm: coping with extremely large number of local optima},
	Year = {2008},
	Bdsk-File-1 = {YnBsaXN0MDDUAQIDBAUGJCVYJHZlcnNpb25YJG9iamVjdHNZJGFyY2hpdmVyVCR0b3ASAAGGoKgHCBMUFRYaIVUkbnVsbNMJCgsMDxJXTlMua2V5c1pOUy5vYmplY3RzViRjbGFzc6INDoACgAOiEBGABIAFgAdccmVsYXRpdmVQYXRoWWFsaWFzRGF0YV8QNS4uL0Rvd25sb2Fkcy9jbHVzdGVyaW5nX29uX3RoZV9oeXBlcnNwaGVyZV83X0lFRUUucGRm0hcLGBlXTlMuZGF0YU8RAeoAAAAAAeoAAgAADE1hY2ludG9zaCBIRAAAAAAAAAAAAAAAAAAAANEPArhIKwAAABWSox9jbHVzdGVyaW5nX29uX3RoZV9oeSNGMzZFNjkucGRmAAAAAAAAAAAAAAAAAAAAAAAAAAAAAAAAAAAAAAAAAAAA825p02HlWQAAAAAAAAAAAAEAAgAACSAAAAAAAAAAAAAAAAAAAAAJRG93bmxvYWRzAAAQAAgAANEPSQgAAAARAAgAANNiHZkAAAABAAwAFZKjABWSoAAClRQAAgBMTWFjaW50b3NoIEhEOlVzZXJzOgBnbGl6ZWxhdGFpbm86AERvd25sb2FkczoAY2x1c3RlcmluZ19vbl90aGVfaHkjRjM2RTY5LnBkZgAOAFIAKABjAGwAdQBzAHQAZQByAGkAbgBnAF8AbwBuAF8AdABoAGUAXwBoAHkAcABlAHIAcwBwAGgAZQByAGUAXwA3AF8ASQBFAEUARQAuAHAAZABmAA8AGgAMAE0AYQBjAGkAbgB0AG8AcwBoACAASABEABIARVVzZXJzL2dsaXplbGF0YWluby9Eb3dubG9hZHMvY2x1c3RlcmluZ19vbl90aGVfaHlwZXJzcGhlcmVfN19JRUVFLnBkZgAAEwABLwAAFQACABP//wAAgAbSGxwdHlokY2xhc3NuYW1lWCRjbGFzc2VzXU5TTXV0YWJsZURhdGGjHR8gVk5TRGF0YVhOU09iamVjdNIbHCIjXE5TRGljdGlvbmFyeaIiIF8QD05TS2V5ZWRBcmNoaXZlctEmJ1Ryb290gAEACAARABoAIwAtADIANwBAAEYATQBVAGAAZwBqAGwAbgBxAHMAdQB3AIQAjgDGAMsA0wLBAsMCyALTAtwC6gLuAvUC/gMDAxADEwMlAygDLQAAAAAAAAIBAAAAAAAAACgAAAAAAAAAAAAAAAAAAAMv}}

@url{SphericalKMeans,
	Author = {Xuan Vinh Nguyen},
	Date-Added = {2016-05-19 05:22:21 +0000},
	Date-Modified = {2016-05-19 05:23:39 +0000},
	Keywords = {SPK},
	Lastchecked = {2016-05-18},
	Read = {1},
	Title = {The Spherical K-means algorithm},
	Url = {http://www.mathworks.com/matlabcentral/fileexchange/32987-the-spherical-k-means-algorithm},
	Bdsk-File-1 = {YnBsaXN0MDDUAQIDBAUGJCVYJHZlcnNpb25YJG9iamVjdHNZJGFyY2hpdmVyVCR0b3ASAAGGoKgHCBMUFRYaIVUkbnVsbNMJCgsMDxJXTlMua2V5c1pOUy5vYmplY3RzViRjbGFzc6INDoACgAOiEBGABIAFgAdccmVsYXRpdmVQYXRoWWFsaWFzRGF0YV8QHy4uLy5UcmFzaC9TUEttZWFucyAwMS0yNC0yMC0xMjTSFwsYGVdOUy5kYXRhTxEBngAAAAABngACAAEMTWFjaW50b3NoIEhEAAAAAAAAAAAAAAAAAAAA0Q8CuEgrAAAA2sKyFVNQS21lYW5zIDAxLTI0LTIwLTEyNAAAAAAAAAAAAAAAAAAAAAAAAAAAAAAAAAAAAAAAAAAAAAAAAAAAAAAAAADyq1LTYOrWAAAAAAAAAAAAAQACAAAJIAAAAAAAAAAAAAAAAAAAAAYuVHJhc2gAEAAIAADRD0kIAAAAEQAIAADTYSMWAAAAAQAMANrCsgAVkqAAApUUAAIAP01hY2ludG9zaCBIRDpVc2VyczoAZ2xpemVsYXRhaW5vOgAuVHJhc2g6AFNQS21lYW5zIDAxLTI0LTIwLTEyNAAADgAsABUAUwBQAEsAbQBlAGEAbgBzACAAMAAxAC0AMgA0AC0AMgAwAC0AMQAyADQADwAaAAwATQBhAGMAaQBuAHQAbwBzAGgAIABIAEQAEgAvVXNlcnMvZ2xpemVsYXRhaW5vLy5UcmFzaC9TUEttZWFucyAwMS0yNC0yMC0xMjQAABMAAS8AABUAAgAT//8AAIAG0hscHR5aJGNsYXNzbmFtZVgkY2xhc3Nlc11OU011dGFibGVEYXRhox0fIFZOU0RhdGFYTlNPYmplY3TSGxwiI1xOU0RpY3Rpb25hcnmiIiBfEA9OU0tleWVkQXJjaGl2ZXLRJidUcm9vdIABAAgAEQAaACMALQAyADcAQABGAE0AVQBgAGcAagBsAG4AcQBzAHUAdwCEAI4AsAC1AL0CXwJhAmYCcQJ6AogCjAKTApwCoQKuArECwwLGAssAAAAAAAACAQAAAAAAAAAoAAAAAAAAAAAAAAAAAAACzQ==}}

@url{circularStatisticsToolbox,
	Author = {Phillips Berens},
	Date-Added = {2016-05-19 04:44:11 +0000},
	Date-Modified = {2016-05-19 05:03:07 +0000},
	Lastchecked = {2016-05-18},
	Read = {1},
	Title = {Matlab central file exchange: Circular statistics toolbox.},
	Url = {http://www.mathworks.com/matlabcentral/fileexchange/10676-circular-statistics-toolbox--directional-statistics-},
	Bdsk-File-1 = {YnBsaXN0MDDUAQIDBAUGJCVYJHZlcnNpb25YJG9iamVjdHNZJGFyY2hpdmVyVCR0b3ASAAGGoKgHCBMUFRYaIVUkbnVsbNMJCgsMDxJXTlMua2V5c1pOUy5vYmplY3RzViRjbGFzc6INDoACgAOiEBGABIAFgAdccmVsYXRpdmVQYXRoWWFsaWFzRGF0YV8QGC4uLy5UcmFzaC90b29sYm94X3NpZ25hbNIXCxgZV05TLmRhdGFPEQGAAAAAAAGAAAIAAQxNYWNpbnRvc2ggSEQAAAAAAAAAAAAAAAAAAADRDwK4SCsAAADawrIOdG9vbGJveF9zaWduYWwAAAAAAAAAAAAAAAAAAAAAAAAAAAAAAAAAAAAAAAAAAAAAAAAAAAAAAAAAAAAAAAAAAOzQCNB2JBMAAAAAAAAAAAABAAIAAAkgAAAAAAAAAAAAAAAAAAAABi5UcmFzaAAQAAgAANEPSQgAAAARAAgAANB2XFMAAAABAAwA2sKyABWSoAAClRQAAgA4TWFjaW50b3NoIEhEOlVzZXJzOgBnbGl6ZWxhdGFpbm86AC5UcmFzaDoAdG9vbGJveF9zaWduYWwADgAeAA4AdABvAG8AbABiAG8AeABfAHMAaQBnAG4AYQBsAA8AGgAMAE0AYQBjAGkAbgB0AG8AcwBoACAASABEABIAKFVzZXJzL2dsaXplbGF0YWluby8uVHJhc2gvdG9vbGJveF9zaWduYWwAEwABLwAAFQACABP//wAAgAbSGxwdHlokY2xhc3NuYW1lWCRjbGFzc2VzXU5TTXV0YWJsZURhdGGjHR8gVk5TRGF0YVhOU09iamVjdNIbHCIjXE5TRGljdGlvbmFyeaIiIF8QD05TS2V5ZWRBcmNoaXZlctEmJ1Ryb290gAEACAARABoAIwAtADIANwBAAEYATQBVAGAAZwBqAGwAbgBxAHMAdQB3AIQAjgCpAK4AtgI6AjwCQQJMAlUCYwJnAm4CdwJ8AokCjAKeAqECpgAAAAAAAAIBAAAAAAAAACgAAAAAAAAAAAAAAAAAAAKo}}
