% Encoding: UTF-8

@Comment{jabref-meta: databaseType:bibtex;}

@misc{circstats,
  title = {MATLAB Central File Exchange: Circular Statistics Toolbox},
  author={Berens, Phillip},
  howpublished = {\textit{http://www.mathworks.com/matlabcentral/fileexchange/10676-circular-statistics-toolbox--directional-statistics-}},
  note = {Accessed: 2016-05-18}
}

@inproceedings{nguyen2008gene,
  title={Gene clustering on the unit hypersphere with the spherical k-means algorithm: coping with extremely large number of local optima},
  author={Nguyen, Vinh},
  booktitle={World Congress in Computer Science, Computer Engineering, and Applied Computing (Hamid R. Arabnia and Youngsong Mun 14 July 2008 to 17 July 2008)},
  pages={226--233},
  year={2008},
  organization={CSREA Press}
}

@misc{nguyen_spherical_clustering,
  title = {MATLAB Central File Exchange: The Spherical K-means algorithm},
  author={Nguyen, Vinh},
  howpublished = {\textit{http://www.mathworks.com/matlabcentral/fileexchange/32987-the-spherical-k-means-algorithm}},
  note = {Accessed: 2016-05-18}
}

@misc{wolfram_von_mises,
  title = {von Mises Distribution.},
  author = {Weisstein, Eric W.},
  howpublished = {\textit{http://mathworld.wolfram.com/vonMisesDistribution.html}},
  note = {Accessed: 2016-05-18}
}

@book{thomas2001introduction,
  title={Introduction to algorithms},
  author={Thomas H.. Cormen and Leiserson, Charles Eric and Rivest, Ronald L and Stein, Clifford},
  volume={6},
  year={2001},
  publisher={MIT press Cambridge}
}


@book{ClusterAnalysis,
  Author = {Leonard Kaufman and Peter J. Rousseeuw},
  Date-Added = {2016-05-24 19:19:05 +0000},
  Date-Modified = {2016-05-24 19:31:30 +0000},
  Publisher = {John Wiley \& Sons, Inc.},
  Title = {Finding Groups in Data: An Introduction to Cluster Analysis},
  Year = {2008}}


@article{VonMisesDistribution,
  Author = {Arindam Banerjee and Inderjit S. Dhillon and Joydeep Ghosh and Suvrit Sra},
  Date-Added = {2016-05-19 05:40:47 +0000},
  Date-Modified = {2016-05-19 05:44:56 +0000},
  Journal = {Journal of Machine Learning Research 6 (2005) 1345--1382},
  Month = {September},
  Pages = {38},
  Title = {Clustering on the Unit Hypersphere using von Mises-Fisher Distributions},
  Year = {2005},
  Bdsk-File-1 = {YnBsaXN0MDDUAQIDBAUGJCVYJHZlcnNpb25YJG9iamVjdHNZJGFyY2hpdmVyVCR0b3ASAAGGoKgHCBMUFRYaIVUkbnVsbNMJCgsMDxJXTlMua2V5c1pOUy5vYmplY3RzViRjbGFzc6INDoACgAOiEBGABIAFgAdccmVsYXRpdmVQYXRoWWFsaWFzRGF0YV8QLC4uL0Rlc2t0b3AvQU1BTFRIRUEvQXJ0aWNsZXMvYmFuZXJqZWUwNWEucGRm0hcLGBlXTlMuZGF0YU8RAbYAAAAAAbYAAgAADE1hY2ludG9zaCBIRAAAAAAAAAAAAAAAAAAAANEPArhIKwAAAPcUAQ9iYW5lcmplZTA1YS5wZGYAAAAAAAAAAAAAAAAAAAAAAAAAAAAAAAAAAAAAAAAAAAAAAAAAAAAAAAAAAAAAAAAA8+Ge02LKHAAAAAAAAAAAAAEABAAACSAAAAAAAAAAAAAAAAAAAAAIQXJ0aWNsZXMAEAAIAADRD0kIAAAAEQAIAADTYwJcAAAAAQAUAPcUAQDSmuEAFZKxABWSoAAClRQAAgBOTWFjaW50b3NoIEhEOlVzZXJzOgBnbGl6ZWxhdGFpbm86AERlc2t0b3A6AEFNQUxUSEVBOgBBcnRpY2xlczoAYmFuZXJqZWUwNWEucGRmAA4AIAAPAGIAYQBuAGUAcgBqAGUAZQAwADUAYQAuAHAAZABmAA8AGgAMAE0AYQBjAGkAbgB0AG8AcwBoACAASABEABIAPFVzZXJzL2dsaXplbGF0YWluby9EZXNrdG9wL0FNQUxUSEVBL0FydGljbGVzL2JhbmVyamVlMDVhLnBkZgATAAEvAAAVAAIAE///AACABtIbHB0eWiRjbGFzc25hbWVYJGNsYXNzZXNdTlNNdXRhYmxlRGF0YaMdHyBWTlNEYXRhWE5TT2JqZWN00hscIiNcTlNEaWN0aW9uYXJ5oiIgXxAPTlNLZXllZEFyY2hpdmVy0SYnVHJvb3SAAQAIABEAGgAjAC0AMgA3AEAARgBNAFUAYABnAGoAbABuAHEAcwB1AHcAhACOAL0AwgDKAoQChgKLApYCnwKtArECuALBAsYC0wLWAugC6wLwAAAAAAAAAgEAAAAAAAAAKAAAAAAAAAAAAAAAAAAAAvI=}}



