% Encoding: UTF-8

@Comment{jabref-meta: databaseType:bibtex;}

@article{nguyen2012clustering,
  title={Clustering with Multiviewpoint-Based Similarity Measure},
  author={Nguyen, Duc Thang and Chen, Lihui and Chan, Chee Keong},
  journal={Knowledge and Data Engineering, IEEE Transactions on},
  volume={24},
  number={6},
  pages={988--1001},
  year={2012},
  publisher={IEEE}
}
