% Encoding: UTF-8

@Comment{jabref-meta: databaseType:bibtex;}

@misc{circstats,
  title = {MATLAB Central File Exchange: Circular Statistics Toolbox},
  author={Berens, Phillip},
  howpublished = {\textit{http://www.mathworks.com/matlabcentral/fileexchange/10676-circular-statistics-toolbox--directional-statistics-}},
  note = {Accessed: 2016-05-18}
}

@inproceedings{nguyen2008gene,
  title={Gene clustering on the unit hypersphere with the spherical k-means algorithm: coping with extremely large number of local optima},
  author={Nguyen, Vinh},
  booktitle={World Congress in Computer Science, Computer Engineering, and Applied Computing (Hamid R. Arabnia and Youngsong Mun 14 July 2008 to 17 July 2008)},
  pages={226--233},
  year={2008},
  organization={CSREA Press}
}

@misc{nguyen_spherical_clustering,
  title = {MATLAB Central File Exchange: The Spherical K-means algorithm},
  author={Nguyen, Vinh},
  howpublished = {\textit{http://www.mathworks.com/matlabcentral/fileexchange/32987-the-spherical-k-means-algorithm}},
  note = {Accessed: 2016-05-18}
}

@misc{wolfram_von_mises,
  title = {von Mises Distribution.},
  author = {Weisstein, Eric W.},
  howpublished = {\textit{http://mathworld.wolfram.com/vonMisesDistribution.html}},
  note = {Accessed: 2016-05-18}
}
